<record><leader>00000cas a22000007a 4500</leader><controlfield tag="001">13895010</controlfield><controlfield tag="008">860717d19111925pauwr ne      0    0eng d</controlfield><datafield ind1=" " ind2=" " tag="010"><subfield code="a">sn 87080145 </subfield></datafield><datafield ind1=" " ind2=" " tag="040"><subfield code="a">NPH</subfield><subfield code="b">eng</subfield><subfield code="c">NPH</subfield><subfield code="d">NPX</subfield><subfield code="d">NPH</subfield><subfield code="d">OCLCQ</subfield></datafield><datafield ind1=" " ind2=" " tag="042"><subfield code="a">msc</subfield></datafield><datafield ind1="0" ind2="0" tag="245"><subfield code="a">East Stroudsburg press and the Jeffersonian.</subfield></datafield><datafield ind1="3" ind2="0" tag="246"><subfield code="a">Jeffersonian</subfield></datafield><datafield ind1="1" ind2="7" tag="246"><subfield code="a">Press and Jeffersonian</subfield></datafield><datafield ind1=" " ind2=" " tag="260"><subfield code="a">East Stroudsburg, Monroe Co., Pa. :</subfield><subfield code="b">Geo. C. Hughes,</subfield><subfield code="c">1911-</subfield></datafield><datafield ind1=" " ind2=" " tag="300"><subfield code="a">v. :</subfield><subfield code="b">ill. ;</subfield><subfield code="c">53-56 cm.</subfield></datafield><datafield ind1=" " ind2=" " tag="310"><subfield code="a">Weekly</subfield></datafield><datafield ind1="0" ind2=" " tag="362"><subfield code="a">70th [i.e. 71st] year, no. 1 (Mar. 23, 1911)-</subfield></datafield><datafield ind1="1" ind2=" " tag="362"><subfield code="a">Ceased in 1925?</subfield></datafield><datafield ind1=" " ind2=" " tag="500"><subfield code="a">Published every Thursday morning.</subfield></datafield><datafield ind1=" " ind2=" " tag="515"><subfield code="a">Issues for &lt;Aug. 7, 1919-Dec. 20, 1923&gt; called &lt;v. 78, no. 28-v. 83, no. 3&gt;.</subfield></datafield><datafield ind1=" " ind2=" " tag="752"><subfield code="a">United States</subfield><subfield code="b">Pennsylvania</subfield><subfield code="c">Monroe</subfield><subfield code="d">East Stroudsburg.</subfield></datafield><datafield ind1="0" ind2="0" tag="780"><subfield code="t">Jeffersonian (Stroudsburg, Pa.)</subfield><subfield code="w">(DLC)sn 84026399</subfield></datafield></record>